@article{leite,
author = "Iolanda Leite, Carlos Martinho and Ana Paiva",
title = "Social Robots for Long-Term Interaction: A Survey.",
journal = " I. J. Social Robotics 5(2)",
pages = " 291-308",
year = " 2013"
}
@article{brooke1996sus,
  title={SUS-A quick and dirty usability scale},
  author={Brooke, John and others},
  journal={Usability evaluation in industry},
  volume={189},
  number={194},
  pages={4--7},
  year={1996},
  publisher={London, United kingdom}
}
@book{schneider1993adaptive,
  title={Adaptive user interfaces: Principles and practice},
  author={Schneider-Hufschmidt, Matthias and Malinowski, Uwe and Kuhme, Thomas},
  year={1993},
  publisher={Elsevier Science Inc.}
}
@inproceedings{ritschel,
author = {Ritschel, Hannes and Baur, Tobias and Andre, Elisabeth},
year = {2017},
month = {10},
pages = {},
title = {Adapting a Robot's Linguistic Style Based on Socially-Aware Reinforcement Learning},
doi = {10.1109/ROMAN.2017.8172330}
}
@inproceedings{hemminghaus2017towards,
  title={Towards Adaptive Social Behavior Generation for Assistive Robots Using Reinforcement Learning},
  author={Hemminghaus, Jacqueline and Kopp, Stefan},
  booktitle={Proceedings of the 2017 ACM/IEEE International Conference on Human-Robot Interaction},
  pages={332--340},
  year={2017},
  organization={ACM}
}

@book{burger2013desire,
  title={Desire for control: Personality, social and clinical perspectives},
  author={Burger, Jerry M},
  year={2013},
  publisher={Springer Science \& Business Media}
}
@article{fasola2013socially,
  title={A socially assistive robot exercise coach for the elderly},
  author={Fasola, Juan and Mataric, Maja},
  journal={Journal of Human-Robot Interaction},
  volume={2},
  number={2},
  pages={3--32},
  year={2013}
}
@inproceedings{schneider2016exercising,
  title={Exercising with a humanoid companion is more effective than exercising alone},
  author={Schneider, Sebastian and Kummert, Franz},
  booktitle={Humanoid Robots (Humanoids), 2016 IEEE-RAS 16th International Conference on},
  pages={495--501},
  year={2016},
  organization={IEEE}
}

@article{yue2012k,
  title={The k-armed dueling bandits problem},
  author={Yue, Yisong and Broder, Josef and Kleinberg, Robert and Joachims, Thorsten},
  journal={Journal of Computer and System Sciences},
  volume={78},
  number={5},
  pages={1538--1556},
  year={2012},
  publisher={Elsevier}
}

@article{rhodes2006personality,
  title={Personality correlates of physical activity: a review and meta-analysis},
  author={Rhodes, RE and Smith, NEI},
  journal={British journal of sports medicine},
  volume={40},
  number={12},
  pages={958--965},
  year={2006},
  publisher={British Association of Sport and Excercise Medicine}
}

@article{nass1996can,
  title={Can computers be teammates?},
  author={Nass, Clifford and Fogg, BJ and Moon, Youngme},
  journal={International Journal of Human-Computer Studies},
  volume={45},
  number={6},
  pages={669--678},
  year={1996},
  publisher={Elsevier}
}
@inproceedings{salem2015would,
  title={Would you trust a (faulty) robot?: Effects of error, task type and personality on human-robot cooperation and trust},
  author={Salem, Maha and Lakatos, Gabriella and Amirabdollahian, Farshid and Dautenhahn, Kerstin},
  booktitle={Proceedings of the Tenth Annual ACM/IEEE International Conference on Human-Robot Interaction},
  pages={141--148},
  year={2015},
  organization={ACM}
}
@inproceedings{robinette2016overtrust,
  title={Overtrust of robots in emergency evacuation scenarios},
  author={Robinette, Paul and Li, Wenchen and Allen, Robert and Howard, Ayanna M and Wagner, Alan R},
  booktitle={The Eleventh ACM/IEEE International Conference on Human Robot Interaction},
  pages={101--108},
  year={2016},
  organization={IEEE Press}
}

@inproceedings{corry,
  author    = {C. D. Kidd and
               C. Breazeal},
  title     = {Robots at home: Understanding long-term human-robot interaction},
  booktitle = {2008 {IEEE/RSJ} International Conference on Intelligent Robots and
               Systems},
  pages     = {3230--3235},
  year      = {2008},
  doi       = {10.1109/IROS.2008.4651113},
  timestamp = {Mon, 11 May 2015 16:37:25 +0200},
}
@INPROCEEDINGS{guneysu2017,
author={A. Guneysu and B. Arnrich},
booktitle={2017 26th IEEE International Symposium on Robot and Human Interactive Communication (RO-MAN)},
title={Socially assistive child-robot interaction in physical exercise coaching},
year={2017},
volume={},
number={},
pages={670-675},
keywords={Manipulators;Motion measurement;Pediatrics;Robot sensing systems;Time measurement;Training},
doi={10.1109/ROMAN.2017.8172375},
ISSN={},
month={Aug},
}
@inproceedings{wu2016double,
  title={Double Thompson Sampling for Dueling Bandits},
  author={Wu, Huasen and Liu, Xin},
  booktitle={Advances in Neural Information Processing Systems},
  pages={649--657},
  year={2016}
}
@inproceedings{eriksson2005hands,
  title={Hands-off assistive robotics for post-stroke arm rehabilitation},
  author={Eriksson, Jon and Mataric, Maja J and Winstein, Carolee J},
  booktitle={Rehabilitation Robotics, 2005. ICORR 2005. 9th International Conference on},
  pages={21--24},
  year={2005},
  organization={IEEE}
}
@inproceedings{komiyama2015regret,
  title={Regret lower bound and optimal algorithm in dueling bandit problem},
  author={Komiyama, Junpei and Honda, Junya and Kashima, Hisashi and Nakagawa, Hiroshi},
  booktitle={Conference on Learning Theory},
  pages={1141--1154},
  year={2015}
}
@article{komiyama2016copeland,
  title={Copeland dueling bandit problem: Regret lower bound, optimal algorithm, and computationally efficient algorithm},
  author={Komiyama, Junpei and Honda, Junya and Nakagawa, Hiroshi},
  journal={arXiv preprint arXiv:1605.01677},
  year={2016}
}1
@inproceedings{kidd2008robots,
  title={Robots at home: Understanding long-term human-robot interaction},
  author={Kidd, Cory D and Breazeal, Cynthia},
  booktitle={Intelligent Robots and Systems, 2008. IROS 2008. IEEE/RSJ International Conference on},
  pages={3230--3235},
  year={2008},
  organization={IEEE}
}
@article{kendzierski1991physical,
  title={Physical Activity Enjoyment Scale: Two validation studies.},
  author={Kendzierski, Deborah and DeCarlo, Kenneth J},
  journal={Journal of Sport \& Exercise Psychology},
  year={1991},
  publisher={Human Kinetics}
}
@Inbook{Fuernkranz2011,
author="F{\"u}rnkranz, Johannes
and H{\"u}llermeier, Eyke",
editor="F{\"u}rnkranz, Johannes
and H{\"u}llermeier, Eyke",
title="Preference Learning: An Introduction",
bookTitle="Preference Learning",
year="2011",
publisher="Springer Berlin Heidelberg",
address="Berlin, Heidelberg",
pages="1--17",
abstract="This introduction gives a brief overview of the field of preference learning and, along the way, tries to establish a unified terminology. Special emphasis will be put on learning to rank, which is by now one of the most extensively studied problem tasks in preference learning and also prominently represented in this book. We propose a categorization of ranking problems into object ranking, instance ranking, and label ranking. Moreover, we introduce these scenarios in a formal way, discuss different ways in which the learning of ranking functions can be approached, and explain how the contributions collected in this book relate to this categorization. Finally, we also highlight some important applications of preference learning methods.",
isbn="978-3-642-14125-6",
doi="10.1007/978-3-642-14125-6_1",
url="https://doi.org/10.1007/978-3-642-14125-6_1"
}
@inproceedings{pot2009choregraphe,
  title={Choregraphe: a graphical tool for humanoid robot programming},
  author={Pot, Emmanuel and Monceaux, J{\'e}r{\^o}me and Gelin, Rodolphe and Maisonnier, Bruno},
  booktitle={Robot and Human Interactive Communication, 2009. RO-MAN 2009. The 18th IEEE International Symposium on},
  pages={46--51},
  year={2009},
  organization={IEEE}
}
@article{gouaillier2008nao,
  title={The nao humanoid: a combination of performance and affordability},
  author={Gouaillier, David and Hugel, Vincent and Blazevic, Pierre and Kilner, Chris and Monceaux, Jerome and Lafourcade, Pascal and Marnier, Brice and Serre, Julien and Maisonnier, Bruno},
  journal={CoRR abs/0807.3223},
  year={2008}
}
@article{preacher2008asymptotic,
  title={Asymptotic and resampling strategies for assessing and comparing indirect effects in multiple mediator models},
  author={Preacher, Kristopher J and Hayes, Andrew F},
  journal={Behavior research methods},
  volume={40},
  number={3},
  pages={879--891},
  year={2008},
  publisher={Springer}
}
@inproceedings{andrist2015look,
  title={Look like me: matching robot personality via gaze to increase motivation},
  author={Andrist, Sean and Mutlu, Bilge and Tapus, Adriana},
  booktitle={Proceedings of the 33rd annual ACM conference on human factors in computing systems},
  pages={3603--3612},
  year={2015},
  organization={ACM}
}
@article{cronbach1951coefficient,
  title={Coefficient alpha and the internal structure of tests},
  author={Cronbach, Lee J},
  journal={psychometrika},
  volume={16},
  number={3},
  pages={297--334},
  year={1951},
  publisher={Springer}
}
@article{cakmak2010designing,
  title={Designing interactions for robot active learners},
  author={Cakmak, Maya and Chao, Crystal and Thomaz, Andrea L},
  journal={IEEE Transactions on Autonomous Mental Development},
  volume={2},
  number={2},
  pages={108--118},
  year={2010},
  publisher={Institute of Electrical and Electronics Engineers, Inc.,| y USA United States of America}
}
@article{epley2007seeing,
  title={On seeing human: a three-factor theory of anthropomorphism.},
  author={Epley, Nicholas and Waytz, Adam and Cacioppo, John T},
  journal={Psychological review},
  volume={114},
  number={4},
  pages={864},
  year={2007},
  publisher={American Psychological Association}
}
@article{welch1947generalization,
  title={The generalization ofstudent's' problem when several different population variances are involved},
  author={Welch, Bernard L},
  journal={Biometrika},
  volume={34},
  number={1/2},
  pages={28--35},
  year={1947},
  publisher={JSTOR}
}
@article{tapus2008user,
  title={User robot personality matching and assistive robot behavior adaptation for post-stroke rehabilitation therapy},
  author={Tapus, Adriana and {\c{T}}{\u{a}}pu{\c{s}}, Cristian and Mataric, Maja J},
  journal={Intelligent Service Robotics},
  volume={1},
  number={2},
  pages={169--183},
  year={2008},
  publisher={Springer}
}

@inproceedings{leite2011modelling,
  title={Modelling empathy in social robotic companions},
  author={Leite, Iolanda and Pereira, Andr{\'e} and Castellano, Ginevra and Mascarenhas, Samuel and Martinho, Carlos and Paiva, Ana},
  booktitle={International Conference on User Modeling, Adaptation, and Personalization},
  pages={135--147},
  year={2011},
  organization={Springer}
}

@inproceedings{Tsiakas2016,
abstract = {In this paper, we present an interactive learning and adapta-tion framework. The framework combines Interactive Rein-forcement Learning methods to effectively adapt and refine a learned policy to cope with new users. We argue that im-plicit feedback provided by the primary user and guidance from a secondary user can be integrated to the adaptation mechanism, resulting at a tailored and safe interaction. We illustrate this framework with a use case in Robot Assisted Therapy, presenting a Robot Yoga Trainer that monitors a yoga training session, adjusting the session parameters based on visual activity evaluation through depth data, to assist the user complete the session, following a Reinforce-ment Learning approach.},
author = {Tsiakas, Konstantinos and Papakostas, Michalis and Chebaa, Benjamin and Ebert, Dylan and Karkaletsis, Vangelis and Makedon, Fillia},
booktitle = {PETRA},
doi = {10.1145/2910674.2935857},
isbn = {9781450343374},
keywords = {Activity recog-nition and understanding,Adap-tive Robot Assisted Therapy,Keywords Interactive Reinforcement Learning,Learning from implicit feedback,Policy Adaptation},
mendeley-groups = {Behavior Adaptation},
title = {{An Interactive Learning and Adaptation Framework for Adaptive Robot Assisted Therapy}},
year = {2016}
}
@article{wilcoxon1945individual,
  title={Individual comparisons by ranking methods},
  author={Wilcoxon, Frank},
  journal={Biometrics bulletin},
  volume={1},
  number={6},
  pages={80--83},
  year={1945},
  publisher={JSTOR}
}
@article{mitsunaga2008adapting,
  title={Adapting robot behavior for human-robot interaction},
  author={Mitsunaga, Noriaki and Smith, Christian and Kanda, Takayuki and Ishiguro, Hiroshi and Hagita, Norihiro},
  journal={IEEE Transactions on Robotics},
  volume={24},
  number={4},
  pages={911--916},
  year={2008},
  publisher={New York: Institute of Electrical and Electronics Engineers, c2004-}
}

@article{nomura2006experimental,
  title={Experimental investigation into influence of negative attitudes toward robots on human--robot interaction},
  author={Nomura, Tatsuya and Kanda, Takayuki and Suzuki, Tomohiro},
  journal={Ai \& Society},
  volume={20},
  number={2},
  pages={138--150},
  year={2006},
  publisher={Springer}
}

@article{hancock2011meta,
  title={A meta-analysis of factors affecting trust in human-robot interaction},
  author={Hancock, Peter A and Billings, Deborah R and Schaefer, Kristin E and Chen, Jessie YC and De Visser, Ewart J and Parasuraman, Raja},
  journal={Human Factors},
  volume={53},
  number={5},
  pages={517--527},
  year={2011},
  publisher={Sage Publications Sage CA: Los Angeles, CA}
}  
@inproceedings{carpinella2017robotic,
  title={The robotic social attributes scale (RoSAS): development and validation},
  author={Carpinella, Colleen M and Wyman, Alisa B and Perez, Michael A and Stroessner, Steven J},
  booktitle={Proceedings of the 2017 ACM/IEEE International Conference on Human-Robot Interaction},
  pages={254--262},
  year={2017},
  organization={ACM}
}
@inproceedings{kidd2008robots,
  title={Robots at home: Understanding long-term human-robot interaction},
  author={Kidd, Cory D and Breazeal, Cynthia},
  booktitle={Intelligent Robots and Systems, 2008. IROS 2008. IEEE/RSJ International Conference on},
  pages={3230--3235},
  year={2008},
  organization={IEEE}
}
@article{mcallister1995affect,
  title={Affect-and cognition-based trust as foundations for interpersonal cooperation in organizations},
  author={McAllister, Daniel J},
  journal={Academy of management journal},
  volume={38},
  number={1},
  pages={24--59},
  year={1995},
  publisher={Academy of Management Briarcliff Manor, NY 10510}
}
@article{bickmore2005establishing,
  title={Establishing and maintaining long-term human-computer relationships},
  author={Bickmore, Timothy W and Picard, Rosalind W},
  journal={ACM Transactions on Computer-Human Interaction (TOCHI)},
  volume={12},
  number={2},
  pages={293--327},
  year={2005},
  publisher={ACM}
}
@article{horvath1989development,
  title={Development and validation of the Working Alliance Inventory.},
  author={Horvath, Adam O and Greenberg, Leslie S},
  journal={Journal of counseling psychology},
  volume={36},
  number={2},
  pages={223},
  year={1989},
  publisher={American Psychological Association}
}

@article{schneider2017framework,
  title={A framework for designing socially assistive robot interactions},
  author={Schneider, Sebastian and Goerlich, Michael and Kummert, Franz},
  journal={Cognitive Systems Research},
  volume={43},
  pages={301--312},
  year={2017},
  publisher={Elsevier}
}
@article{waytz2014mind,
  title={The mind in the machine: Anthropomorphism increases trust in an autonomous vehicle},
  author={Waytz, Adam and Heafner, Joy and Epley, Nicholas},
  journal={Journal of Experimental Social Psychology},
  volume={52},
  pages={113--117},
  year={2014},
  publisher={Elsevier}
}
@article{rau2013effects,
  title={Effects of a social robot's autonomy and group orientation on human decision-making},
  author={Rau, Pei-Luen Patrick and Li, Ye and Liu, Jun},
  journal={Advances in Human-Computer Interaction},
  volume={2013},
  pages={11},
  year={2013},
  publisher={Hindawi Publishing Corp.}
}

@inproceedings{leyzberg2014personalizing,
  title={Personalizing robot tutors to individuals' learning differences},
  author={Leyzberg, Daniel and Spaulding, Samuel and Scassellati, Brian},
  booktitle={Proceedings of the 2014 ACM/IEEE international conference on Human-robot interaction},
  pages={423--430},
  year={2014},
  organization={ACM}
}
@book{dictionary2018merriam,
  title={The Merriam-Webster Dictionary},
  author={Marriam-Webster, Dictionary},
  year={2018},
  publisher={Merriam-Webster, Incorporated}
}
@techreport{sheridan1978human,
  title={Human and computer control of undersea teleoperators},
  author={Sheridan, Thomas B and Verplank, William L},
  year={1978},
  institution={Massachusets Insti of Tech Cambrdge Man-Machine Systems Lab}
}
@inproceedings{madsen2000measuring,
  title={Measuring human-computer trust},
  author={Madsen, Maria and Gregor, Shirley},
  booktitle={11th australasian conference on information systems},
  volume={53},
  pages={6--8},
  year={2000},
  organization={Citeseer}
}
@Manual{R2013,
title = {R: A Language and Environment for Statistical Computing},
author = {{R Core Team}},
organization = {R Foundation for Statistical Computing},
address = {Vienna, Austria},
year = {2013},
url = {http://www.R-project.org/},
}
@inproceedings{Wang,
 author = {Wang, Ning and Pynadath, David V. and Hill, Susan G.},
 title = {Trust Calibration Within a Human-Robot Team: Comparing Automatically Generated Explanations},
 booktitle = {The Eleventh ACM/IEEE International Conference on Human Robot Interaction},
 series = {HRI '16},
 year = {2016},
 isbn = {978-1-4673-8370-7},
 location = {Christchurch, New Zealand},
 pages = {109--116},
 numpages = {8},
 url = {http://dl.acm.org/citation.cfm?id=2906831.2906852},
 acmid = {2906852},
 publisher = {IEEE Press},
 address = {Piscataway, NJ, USA},
 keywords = {explainable a.i., human-robot interaction, pomdp, trust},
} 
@article{endsley1995out,
  title={The out-of-the-loop performance problem and level of control in automation},
  author={Endsley, Mica R and Kiris, Esin O},
  journal={Human factors},
  volume={37},
  number={2},
  pages={381--394},
  year={1995},
  publisher={SAGE Publications Sage CA: Los Angeles, CA}
}
@inproceedings{Martelaro,
 author = {Martelaro, Nikolas and Nneji, Victoria C. and Ju, Wendy and Hinds, Pamela},
 title = {Tell Me More: Designing HRI to Encourage More Trust, Disclosure, and Companionship},
 booktitle = {The Eleventh ACM/IEEE International Conference on Human Robot Interaction},
 series = {HRI '16},
 year = {2016},
 isbn = {978-1-4673-8370-7},
 location = {Christchurch, New Zealand},
 pages = {181--188},
 numpages = {8},
 url = {http://dl.acm.org/citation.cfm?id=2906831.2906863},
 acmid = {2906863},
 publisher = {IEEE Press},
 address = {Piscataway, NJ, USA},
 keywords = {companionship, design, disclosure, experimentation, human-robot interaction, trust},
} 


@article{beer2014toward,
  title={Toward a framework for levels of robot autonomy in human-robot interaction},
  author={Beer, Jenay M and Fisk, Arthur D and Rogers, Wendy A},
  journal={Journal of Human-Robot Interaction},
  volume={3},
  number={2},
  pages={74--99},
  year={2014},
  publisher={Journal of Human-Robot Interaction Steering Committee}
}

@inproceedings{freedy2007measurement,
  title={Measurement of trust in human-robot collaboration},
  author={Freedy, Amos and DeVisser, Ewart and Weltman, Gershon and Coeyman, Nicole},
  booktitle={Collaborative Technologies and Systems, 2007. CTS 2007. International Symposium on},
  pages={106--114},
  year={2007},
  organization={IEEE}
}

@book{russell2016artificial,
  title={Artificial intelligence: a modern approach},
  author={Russell, Stuart J and Norvig, Peter},
  year={2016},
  publisher={Malaysia; Pearson Education Limited,}
}
